<?xml version="1.0" encoding="UTF-8"?><collection xmlns="http://www.loc.gov/MARC21/slim"><record><leader>00485nam--2200193-u-4500</leader><controlfield tag="001">000052858</controlfield><controlfield tag="002">20161230</controlfield><controlfield tag="005">20161230201050</controlfield><controlfield tag="008">101123s1000------------r-----000-0-rus-d</controlfield><datafield ind1=" " ind2=" " tag="040"><subfield code="a">IFIN-HH</subfield></datafield><datafield ind1=" " ind2=" " tag="041"><subfield code="a">rus</subfield></datafield><datafield ind1=" " ind2=" " tag="080"><subfield code="a">535.4</subfield></datafield><datafield ind1="1" ind2=" " tag="100"><subfield code="a">Cowley, John M</subfield></datafield><datafield ind1="1" ind2="0" tag="245"><subfield code="a">Fizika difraktii</subfield><subfield code="c">John m. cowley</subfield></datafield><datafield ind1=" " ind2=" " tag="260"><subfield code="a">Moskva</subfield><subfield code="b">Mir</subfield><subfield code="c">1979</subfield></datafield><datafield ind1=" " ind2=" " tag="300"><subfield code="a">431P</subfield></datafield><datafield ind1=" " ind2=" " tag="500"><subfield code="a">titlul original in limba engleza: DIFFRACTION PHYSICS</subfield></datafield><datafield ind1=" " ind2=" " tag="852"><subfield code="a">48033</subfield><subfield code="c">535</subfield></datafield><datafield ind1=" " ind2=" " tag="CAT"><subfield code="a">Sys</subfield><subfield code="c">20101123</subfield><subfield code="h">151408</subfield></datafield></record></collection>